<record><leader>00000cas a22000007a 4500</leader><controlfield tag="001">11966119</controlfield><controlfield tag="008">850426c198u9999kyuwr ne      0   a0eng d</controlfield><datafield ind1=" " ind2=" " tag="010"><subfield code="a">sn 85009676 </subfield></datafield><datafield ind1=" " ind2=" " tag="040"><subfield code="a">NSD</subfield><subfield code="b">eng</subfield><subfield code="c">NSD</subfield><subfield code="d">OCLCQ</subfield></datafield><datafield ind1=" " ind2=" " tag="012"><subfield code="m">1</subfield></datafield><datafield ind1="1" ind2=" " tag="022"><subfield code="a">8750-9709</subfield><subfield code="l">8750-9709</subfield><subfield code="2">1</subfield></datafield><datafield ind1=" " ind2=" " tag="032"><subfield code="a">723450</subfield><subfield code="b">USPS</subfield></datafield><datafield ind1=" " ind2=" " tag="037"><subfield code="b">The Union County News Index, P.O. Box 57, Sturgis, KY 42459</subfield></datafield><datafield ind1=" " ind2=" " tag="042"><subfield code="a">nsdp</subfield></datafield><datafield ind1=" " ind2="4" tag="222"><subfield code="a">The Union County news index</subfield></datafield><datafield ind1="0" ind2="4" tag="245"><subfield code="a">The Union County news index.</subfield></datafield><datafield ind1="1" ind2="7" tag="246"><subfield code="a">Index</subfield></datafield><datafield ind1=" " ind2=" " tag="260"><subfield code="a">Sturgis, KY :</subfield><subfield code="b">T &amp; L Publications</subfield></datafield><datafield ind1=" " ind2=" " tag="310"><subfield code="a">Weekly</subfield></datafield><datafield ind1=" " ind2=" " tag="588"><subfield code="a">Description based on: Vol. 4, no. 30 (Mar. 6, 1985).</subfield></datafield><datafield ind1=" " ind2=" " tag="752"><subfield code="a">United States</subfield><subfield code="b">Kentucky</subfield><subfield code="c">Union</subfield><subfield code="d">Sturgis.</subfield></datafield><datafield ind1="0" ind2="0" tag="780"><subfield code="t">Index (Sturgis, Ky.)</subfield><subfield code="x">8750-0566</subfield><subfield code="w">(OCoLC)10957422</subfield></datafield><datafield ind1=" " ind2=" " tag="936"><subfield code="a">Mar. 6, 1985</subfield></datafield><datafield ind1="1" ind2=" " tag="029"><subfield code="a">AU@</subfield><subfield code="b">000025838728</subfield></datafield></record>